
@article{Campbell02,
	Author = {Jamie I.D. Campbell and Shauna Austin},
	Date-Added = {2014-08-21 21:12:16 +0000},
	Date-Modified = {2014-08-21 21:13:22 +0000},
	Journal = {Memory \& Cognition},
	Keywords = {strategies, addition, response time},
	Number = {6},
	Pages = {988-994},
	Title = {Effects of response time deadlines on adults' strategy choices for simple addition},
	Volume = {30},
	Year = {2002}}

@article{Schubert13,
	Author = {Schubert, Christiane C and Denmark, T Kent and Crandall, Beth and Grome, Anna and Pappas, James},
	Date-Added = {2014-08-21 21:00:46 +0000},
	Date-Modified = {2014-08-21 21:00:46 +0000},
	Journal = {Annals of emergency medicine},
	Keywords = {expert/novice differences},
	Number = {1},
	Pages = {96--109},
	Publisher = {Elsevier},
	Title = {Characterizing novice-expert differences in macrocognition: an exploratory study of cognitive work in the emergency department},
	Volume = {61},
	Year = {2013},
	Bdsk-File-1 = {YnBsaXN0MDDUAQIDBAUGJCVYJHZlcnNpb25YJG9iamVjdHNZJGFyY2hpdmVyVCR0b3ASAAGGoKgHCBMUFRYaIVUkbnVsbNMJCgsMDxJXTlMua2V5c1pOUy5vYmplY3RzViRjbGFzc6INDoACgAOiEBGABIAFgAdccmVsYXRpdmVQYXRoWWFsaWFzRGF0YV8QYS4uLy4uL1BhcGVyLVdoYXQncyBhIFN0cmF0ZWd5L1BhcGVycy1TdHJhdGVnaWVzL1JlYWQvU2NodWJlcnQgZXRhbCAoMjAxMikgLUVtZXJnZW5jeSBNZWRpY2luZS5wZGbSFwsYGVdOUy5kYXRhTxECVAAAAAACVAACAAAMTWFjaW50b3NoIEhEAAAAAAAAAAAAAAAAAAAAybeLVUgrAAACeKY6H1NjaHViZXJ0IGV0YWwgKDIwMTIjMjc4QTdCNi5wZGYAAAAAAAAAAAAAAAAAAAAAAAAAAAAAAAAAAAAAAAAAAAJ4p7bP6W1eAAAAAAAAAAAAAgAEAAAJIAAAAAAAAAAAAAAAAAAAAARSZWFkABAACAAAybfDlQAAABEACAAAz+mlngAAAAEAGAJ4pjoCeKY4ANZobAAXn1sADVHYAACYOgACAHlNYWNpbnRvc2ggSEQ6VXNlcnM6AGFnYWx5YXJkdDoARHJvcGJveDoAUGFwZXItV2hhdCdzIGEgU3RyYXRlZ3k6AFBhcGVycy1TdHJhdGVnaWVzOgBSZWFkOgBTY2h1YmVydCBldGFsICgyMDEyIzI3OEE3QjYucGRmAAAOAFoALABTAGMAaAB1AGIAZQByAHQAIABlAHQAYQBsACAAKAAyADAAMQAyACkAIAAtAEUAbQBlAHIAZwBlAG4AYwB5ACAATQBlAGQAaQBjAGkAbgBlAC4AcABkAGYADwAaAAwATQBhAGMAaQBuAHQAbwBzAGgAIABIAEQAEgBzVXNlcnMvYWdhbHlhcmR0L0Ryb3Bib3gvUGFwZXItV2hhdCdzIGEgU3RyYXRlZ3kvUGFwZXJzLVN0cmF0ZWdpZXMvUmVhZC9TY2h1YmVydCBldGFsICgyMDEyKSAtRW1lcmdlbmN5IE1lZGljaW5lLnBkZgAAEwABLwAAFQACABD//wAAgAbSGxwdHlokY2xhc3NuYW1lWCRjbGFzc2VzXU5TTXV0YWJsZURhdGGjHR8gVk5TRGF0YVhOU09iamVjdNIbHCIjXE5TRGljdGlvbmFyeaIiIF8QD05TS2V5ZWRBcmNoaXZlctEmJ1Ryb290gAEACAARABoAIwAtADIANwBAAEYATQBVAGAAZwBqAGwAbgBxAHMAdQB3AIQAjgDyAPcA/wNXA1kDXgNpA3IDgAOEA4sDlAOZA6YDqQO7A74DwwAAAAAAAAIBAAAAAAAAACgAAAAAAAAAAAAAAAAAAAPF}}


@article{Chi81,
	Author = {Chi, Michelene T.H. and Feltovich, Paul J. and Glaser, Robert},
	Date-Added = {2014-08-21 21:00:27 +0000},
	Date-Modified = {2014-08-21 21:00:27 +0000},
	Journal = {Cognitive science},
	Keywords = {expert/novice differences},
	Number = {2},
	Pages = {121--152},
	Publisher = {Wiley Online Library},
	Title = {Categorization and representation of physics problems by experts and novices},
	Volume = {5},
	Year = {1981},
	Bdsk-File-1 = {YnBsaXN0MDDUAQIDBAUGJCVYJHZlcnNpb25YJG9iamVjdHNZJGFyY2hpdmVyVCR0b3ASAAGGoKgHCBMUFRYaIVUkbnVsbNMJCgsMDxJXTlMua2V5c1pOUy5vYmplY3RzViRjbGFzc6INDoACgAOiEBGABIAFgAdccmVsYXRpdmVQYXRoWWFsaWFzRGF0YV8QZy4uLy4uL1BhcGVyLVdoYXQncyBhIFN0cmF0ZWd5L1BhcGVycy1TdHJhdGVnaWVzL1JlYWQvQ2hpLCBGZWx0b3ZpY2gsIEdsYXNlciAoMTk4MSktcGh5c2ljcyBwcm9ibGVtcy5wZGbSFwsYGVdOUy5kYXRhTxECZgAAAAACZgACAAAMTWFjaW50b3NoIEhEAAAAAAAAAAAAAAAAAAAAybeLVUgrAAACeKY6H0NoaSwgRmVsdG92aWNoLCBHbGEjMjc4QTdDQy5wZGYAAAAAAAAAAAAAAAAAAAAAAAAAAAAAAAAAAAAAAAAAAAJ4p8zP6ZB8AAAAAAAAAAAAAgAEAAAJIAAAAAAAAAAAAAAAAAAAAARSZWFkABAACAAAybfDlQAAABEACAAAz+nIvAAAAAEAGAJ4pjoCeKY4ANZobAAXn1sADVHYAACYOgACAHlNYWNpbnRvc2ggSEQ6VXNlcnM6AGFnYWx5YXJkdDoARHJvcGJveDoAUGFwZXItV2hhdCdzIGEgU3RyYXRlZ3k6AFBhcGVycy1TdHJhdGVnaWVzOgBSZWFkOgBDaGksIEZlbHRvdmljaCwgR2xhIzI3OEE3Q0MucGRmAAAOAGYAMgBDAGgAaQAsACAARgBlAGwAdABvAHYAaQBjAGgALAAgAEcAbABhAHMAZQByACAAKAAxADkAOAAxACkALQBwAGgAeQBzAGkAYwBzACAAcAByAG8AYgBsAGUAbQBzAC4AcABkAGYADwAaAAwATQBhAGMAaQBuAHQAbwBzAGgAIABIAEQAEgB5VXNlcnMvYWdhbHlhcmR0L0Ryb3Bib3gvUGFwZXItV2hhdCdzIGEgU3RyYXRlZ3kvUGFwZXJzLVN0cmF0ZWdpZXMvUmVhZC9DaGksIEZlbHRvdmljaCwgR2xhc2VyICgxOTgxKS1waHlzaWNzIHByb2JsZW1zLnBkZgAAEwABLwAAFQACABD//wAAgAbSGxwdHlokY2xhc3NuYW1lWCRjbGFzc2VzXU5TTXV0YWJsZURhdGGjHR8gVk5TRGF0YVhOU09iamVjdNIbHCIjXE5TRGljdGlvbmFyeaIiIF8QD05TS2V5ZWRBcmNoaXZlctEmJ1Ryb290gAEACAARABoAIwAtADIANwBAAEYATQBVAGAAZwBqAGwAbgBxAHMAdQB3AIQAjgD4AP0BBQNvA3EDdgOBA4oDmAOcA6MDrAOxA74DwQPTA9YD2wAAAAAAAAIBAAAAAAAAACgAAAAAAAAAAAAAAAAAAAPd}}
